<record><leader>00000cas a22000007a 4500</leader><controlfield tag="001">11667931</controlfield><controlfield tag="008">850207d19051906wiuwr ne      0    0eng d</controlfield><datafield ind1=" " ind2=" " tag="010"><subfield code="a">sn 85040222 </subfield></datafield><datafield ind1=" " ind2=" " tag="040"><subfield code="a">NPV</subfield><subfield code="b">eng</subfield><subfield code="c">NPV</subfield><subfield code="d">OCLCQ</subfield></datafield><datafield ind1=" " ind2=" " tag="042"><subfield code="a">msc</subfield></datafield><datafield ind1="0" ind2="4" tag="245"><subfield code="a">The Ladysmith news and Ingram news.</subfield></datafield><datafield ind1="3" ind2="0" tag="246"><subfield code="a">Ingram news</subfield></datafield><datafield ind1="1" ind2="3" tag="246"><subfield code="a">Ladysmith news</subfield></datafield><datafield ind1=" " ind2=" " tag="260"><subfield code="a">Ladysmith, Wis. :</subfield><subfield code="b">Ladysmith Pub.,</subfield><subfield code="c">1905-1906.</subfield></datafield><datafield ind1=" " ind2=" " tag="300"><subfield code="a">v.</subfield></datafield><datafield ind1=" " ind2=" " tag="310"><subfield code="a">Weekly</subfield></datafield><datafield ind1="0" ind2=" " tag="362"><subfield code="a">Vol. 2, no. 8 (Apr. 29, 1905)-v. 3, no. 13 (June 2, 1906) = v. 1, no. 8-v. 2, no. 13.</subfield></datafield><datafield ind1=" " ind2=" " tag="515"><subfield code="a">Continues numbering of both papers.</subfield></datafield><datafield ind1=" " ind2=" " tag="752"><subfield code="a">United States</subfield><subfield code="b">Wisconsin</subfield><subfield code="c">Rusk</subfield><subfield code="d">Ladysmith.</subfield></datafield><datafield ind1=" " ind2=" " tag="752"><subfield code="a">United States</subfield><subfield code="b">Wisconsin</subfield><subfield code="c">Rusk</subfield><subfield code="d">Ingram.</subfield></datafield><datafield ind1="0" ind2="4" tag="780"><subfield code="t">Ladysmith news (Ladysmith, Wis. : 1905)</subfield><subfield code="w">(DLC)sn 85040221</subfield></datafield><datafield ind1="0" ind2="4" tag="780"><subfield code="t">Ingram news</subfield></datafield><datafield ind1="0" ind2="0" tag="785"><subfield code="t">Ladysmith news (Ladysmith, Wis. : 1906)</subfield><subfield code="w">(DLC)sn 85040223</subfield></datafield></record>